
@book{basco2018,
	author    = {Ana Inés Basco and Gustavo Beliz and Diego Coatz and Paulo Garnero},
	title     = {Industria 4.0: fabricando el futuro},
	year      = {2018},
	address   = {Buenos Aires},
	publisher = {Inter-American Development Bank}
}


@inproceedings{vaswani2017,
	author    = {Ashish Vaswani and Noam Shazeer and Niki Parmar and Jakob Uszkorei and Llion Jones and Aidan N. Gomez and Łukasz Kaiserand Illia Polosukhin},
	title     = {Attention Is All You Need},
	booktitle = {Advances in Neural Information Processing Systems 30 (NIPS 2017},
	year      = {2017},
	address   = {Long Beach, Estados Unidos},
	month     = {Dezembro},
	organization = {NIPS},
}

@misc{utkarsh2024,
	author = {Utkarsh Ankit},
	year = {2024},
	title = {Transformer Neural Networks: A Step-by-Step Breakdown},
	url = {https://builtin.com/artificial-intelligence/transformer-neural-network},
}


@article{barakat2024,
	author = {Huda Barakat and Oytun Turk and Cenk Demiroglu},
	title = {Deep {L}earning-based expressive speech synthesis: a systematic review of approaches, challenges, and resources},
	journaltitle = {EURASIP Journal on Audio, Speech, and Music Processing},
	date = {2024-02-12},
	year = {2024},
}

@article{tokuda2013,
	author  = {Tokuda, Keiichi and Nankaku, Yuki and Toda, Tomoki and Zen, Heiga and Yamagishi, Junichi and Oura, Kei},
	title   = {Speech Synthesis Based on Hidden Markov Models},
	journal = {Proceedings of the IEEE},
	volume  = {101},
	number  = {5},
	pages   = {1234--1252},
	year    = {2013}
}

@misc{ibm2025,
	author       = {IBM},
	title        = {Deploying software},
	howpublished = {Disponível em: \url{https://www.ibm.com/docs/en/zos/3.1.0?topic=task-deploying-software}},
	note         = {Acessado em: 18 maio 2025},
	year         = {2025}
}

@misc{redhat2024,
	author       = {Red Hat},
	title        = {What is Podman?},
	howpublished = {Disponível em: \url{https://www.redhat.com/en/topics/containers/what-is-podman}},
	note         = {Acessado em: 18 maio 2025},
	year         = {2024}
}


@misc{nosowitz2024,
	author       = {Dan Nosowitz and Michael Goodwin},
	title        = {What is an API endpoint?},
	howpublished = {Disponível em: \url{https://www.ibm.com/think/topics/api-endpoint}},
	note         = {Acessado em: 21 maio 2025},
	year         = {2024}
}

@misc{bergmann2024,
	author       = {Dave Bergmann},
	title        = {What is fine-tuning?},
	howpublished = {Disponível em: \url{https://www.ibm.com/think/topics/fine-tuning}},
	note         = {Acessado em: 21 maio 2025},
	year         = {2024}
}


@misc{susnjara2024,
	author       = {Stephanie Susnjara and Ian Smalley},
	title        = {What is Docker?},
	howpublished = {Disponível em: \url{https://www.ibm.com/think/topics/docker}},
	note         = {Acessado em: 21 maio 2025},
	year         = {2024}
}

@misc{scapicchio2024,
	author       = {Mark Scapicchio and Amber Forrest},
	title        = {What is single sign-on (SSO)?},
	howpublished = {Disponível em: \url{https://www.ibm.com/think/topics/single-sign-on}},
	note         = {Acessado em: 21 maio 2025},
	year         = {2024}
}



@article{galvao2019,
	author  = {Maria Cristiane Barbosa Galv{ã}o and Ivan Luiz Marques Ricarte},
	title   = {Revisão Sistemática da Literatura: Conceituação, Produção e Publicação},
	journal = {Logeion: Filosofia da Informação},
	volume  = {6},
	number  = {1},
	pages   = {57--73},
	year    = {2019},
	address = {Rio de Janeiro, RJ}
}

